<record><leader>00000cas a22000007a 4500</leader><controlfield tag="001">33885921</controlfield><controlfield tag="008">951211d18901uuucaudn ne      0    0eng d</controlfield><datafield ind1=" " ind2=" " tag="010"><subfield code="a">sn 95061221 </subfield></datafield><datafield ind1=" " ind2=" " tag="040"><subfield code="a">CNK</subfield><subfield code="b">eng</subfield><subfield code="c">CNK</subfield><subfield code="d">OCLCQ</subfield><subfield code="d">OCLCF</subfield><subfield code="d">OCLCO</subfield></datafield><datafield ind1="1" ind2=" " tag="029"><subfield code="a">AU@</subfield><subfield code="b">000025861894</subfield></datafield><datafield ind1=" " ind2=" " tag="042"><subfield code="a">msc</subfield></datafield><datafield ind1=" " ind2=" " tag="043"><subfield code="a">n-us-ca</subfield></datafield><datafield ind1="0" ind2=" " tag="130"><subfield code="a">Daily press (Santa Ana, Calif.)</subfield></datafield><datafield ind1="1" ind2="4" tag="245"><subfield code="a">The daily press.</subfield></datafield><datafield ind1=" " ind2=" " tag="260"><subfield code="a">Santa Ana, Cal. :</subfield><subfield code="b">H.J. Vail</subfield></datafield><datafield ind1=" " ind2=" " tag="300"><subfield code="a">v.</subfield></datafield><datafield ind1=" " ind2=" " tag="310"><subfield code="a">Daily (exc. Sun.)</subfield></datafield><datafield ind1="0" ind2=" " tag="362"><subfield code="a">Vol. 2, no. 79 (Nov. 4, 1890)-</subfield></datafield><datafield ind1=" " ind2="0" tag="651"><subfield code="a">Santa Ana (Calif.)</subfield><subfield code="v">Newspapers.</subfield></datafield><datafield ind1=" " ind2="7" tag="655"><subfield code="a">Newspapers.</subfield><subfield code="2">fast</subfield><subfield code="0">(OCoLC)fst01423814</subfield></datafield><datafield ind1=" " ind2="7" tag="651"><subfield code="a">California</subfield><subfield code="z">Santa Ana.</subfield><subfield code="2">fast</subfield><subfield code="0">(OCoLC)fst01210538</subfield></datafield><datafield ind1=" " ind2=" " tag="752"><subfield code="a">United States</subfield><subfield code="b">California</subfield><subfield code="c">Orange</subfield><subfield code="d">Santa Ana.</subfield></datafield><datafield ind1="0" ind2="0" tag="780"><subfield code="t">Free press (Santa Ana, Calif.)</subfield><subfield code="w">(DLC)sn 95061211</subfield></datafield></record>